<?xml version="1.0" encoding="UTF-8" ?>
<collection xmlns:xsi="http://www.w3.org/2001/XMLSchema-instance"
    xsi:schemaLocation="http://www.loc.gov/MARC21/slim
        http://www.loc.gov/standards/marcxml/schema/MARC21slim.xsd"
    xmlns="http://www.loc.gov/MARC21/slim">
<record>
  <leader>00327cam a2200661 ia4500</leader>
  <controlfield tag="001">b12333566</controlfield>
  <controlfield tag="003">LeBAU</controlfield>
  <controlfield tag="005">20140310</controlfield>
  <controlfield tag="008">970202m19531977ua afh   b    ||0 0 ara d</controlfield>
  <datafield tag="035" ind1=" " ind2=" ">
    <subfield code="a">ocn784209017</subfield>
  </datafield>
  <datafield tag="040" ind1=" " ind2=" ">
    <subfield code="a">LEAUB</subfield>
    <subfield code="b">ara</subfield>
    <subfield code="e">rda</subfield>
    <subfield code="c">LEAUB</subfield>
    <subfield code="d">LEAUB</subfield>
  </datafield>
  <datafield tag="082" ind1="0" ind2="4">
    <subfield code="a">297.09</subfield>
    <subfield code="2">22</subfield>
  </datafield>
  <datafield tag="100" ind1="1" ind2=" ">
    <subfield code="6">880-01</subfield>
    <subfield code="a">Ibn Wāṣil, Muḥammad ibn Sālim,</subfield>
    <subfield code="d">1207 or 1208-1297 or 1298,</subfield>
    <subfield code="e">author.</subfield>
  </datafield>
  <datafield tag="245" ind1="1" ind2="0">
    <subfield code="6">880-02</subfield>
    <subfield code="a">Mufarrij al-kurūb fī akhbār Banī Ayyūb /</subfield>
    <subfield code="c">ta’līf Jamāl al-Dīn Muḥammad ibn Sālim ibn Wāṣil al-mutawaffá sanat 697 H. ; nashrahu li-awwal marrah ‘an makhṭūṭāt Kambridj wa-Bārīs wa-Istānbūl wa-ḍabaṭahu wa-ḥaqqaqahu wa-‘allaqa ḥawāshīh wa-qaddama la-hu wa-waḍa‘a fahārisahu al-Duktūr Jamāl al-Dīn al-Shayyāl, ustādh al-tārīkh al-Islāmī al-musā‘id bi-Jāmi‘at al-Iskandarīyah.</subfield>
  </datafield>
  <datafield tag="246" ind1="1" ind2="5">
    <subfield code="a">MUFARRIJ AL-KURUB FI AKHBAR BANI AYYUB</subfield>
  </datafield>
  <datafield tag="264" ind1=" " ind2="1">
    <subfield code="6">880-03</subfield>
    <subfield code="a">al-Qāhirah :</subfield>
    <subfield code="b">Idārat Iḥyā’ al-Turāth al-Qadīm, Wizārat al-Ma‘ārif al-Miṣrīyah, Idārat al-Thaqāfah al-‘Āmmah,</subfield>
    <subfield code="c">1953-1977.</subfield>
  </datafield>
  <datafield tag="300" ind1=" " ind2=" ">
    <subfield code="6">880-04</subfield>
    <subfield code="a">5 volumes :</subfield>
    <subfield code="b">illustrations, facsimilies ;</subfield>
    <subfield code="c">24 cm</subfield>
  </datafield>
  <datafield tag="336" ind1=" " ind2=" ">
    <subfield code="a">text</subfield>
    <subfield code="b">txt</subfield>
    <subfield code="2">rdacontent</subfield>
  </datafield>
  <datafield tag="336" ind1=" " ind2=" ">
    <subfield code="a">still image</subfield>
    <subfield code="b">sti</subfield>
    <subfield code="2">rdacontent</subfield>
  </datafield>
  <datafield tag="337" ind1=" " ind2=" ">
    <subfield code="a">unmediated</subfield>
    <subfield code="b">n</subfield>
    <subfield code="2">rdamedia</subfield>
  </datafield>
  <datafield tag="338" ind1=" " ind2=" ">
    <subfield code="a">volume</subfield>
    <subfield code="b">nc</subfield>
    <subfield code="2">rdacarrier</subfield>
  </datafield>
  <datafield tag="500" ind1=" " ind2=" ">
    <subfield code="a">الجزء الرابع والخامس: حققه ووضع حواشيه دكتور حسنين محمد ربيع، مدرس تاريخ العصور الوسطى، كلية الآداب - جامعة القاهرة ؛ راجعه وقدم له دكتور سعيد عبد الفتاح عاشور، أستاذ كرسي تاريخ العصور الوسطى كلية الآداب - جامعة القاهرة.</subfield>
  </datafield>
  <datafield tag="504" ind1=" " ind2=" ">
    <subfield code="a">يتضمن مراجع ببليوغرافية.</subfield>
  </datafield>
  <datafield tag="505" ind1="0" ind2=" ">
    <subfield code="a">الجزء الأول. ينتهي بموت نور الدين محمود بن زنكي في سنة 659 هـ. --الجزء الثاني. عصر صلاح الدين (569-589 هـ. = 1174-1193 م.) --الجزء الثالث. عصر أولاد صلاح الدين وأخيه الملك العادل، 590-615 هـ. --الجزء الرابع. (615 هـ. - 628 هـ.) --الجزء الخامس. 629-645 هـ. = 1231-1248 م.</subfield>
  </datafield>
  <datafield tag="590" ind1=" " ind2=" ">
    <subfield code="a">في المكتبة: الأجزاء 1-4.</subfield>
  </datafield>
  <datafield tag="650" ind1=" " ind2="4">
    <subfield code="a">الأيوبيون.</subfield>
  </datafield>
  <datafield tag="650" ind1=" " ind2="4">
    <subfield code="a">المماليك.</subfield>
  </datafield>
  <datafield tag="650" ind1=" " ind2="4">
    <subfield code="a">الحروب الصليبية.</subfield>
  </datafield>
  <datafield tag="650" ind1=" " ind2="0">
    <subfield code="a">Ayyubids.</subfield>
  </datafield>
  <datafield tag="650" ind1=" " ind2="0">
    <subfield code="a">Mamelukes.</subfield>
  </datafield>
  <datafield tag="650" ind1=" " ind2="0">
    <subfield code="a">Crusades.</subfield>
  </datafield>
  <datafield tag="651" ind1=" " ind2="4">
    <subfield code="a">الامبراطورية الاسلامية</subfield>
    <subfield code="x">تاريخ</subfield>
    <subfield code="y">750-1258.</subfield>
  </datafield>
  <datafield tag="651" ind1=" " ind2="0">
    <subfield code="a">Islamic Empire</subfield>
    <subfield code="x">History</subfield>
    <subfield code="y">750-1258.</subfield>
  </datafield>
  <datafield tag="700" ind1="1" ind2=" ">
    <subfield code="6">880-05</subfield>
    <subfield code="a">Shayyāl, Jamāl al-Dīn,</subfield>
    <subfield code="e">compiler.</subfield>
  </datafield>
  <datafield tag="700" ind1="1" ind2=" ">
    <subfield code="6">880-06</subfield>
    <subfield code="a">Rabīʻ, Ḥasanayn Muḥammad,</subfield>
    <subfield code="e">compiler.</subfield>
  </datafield>
  <datafield tag="700" ind1="1" ind2=" ">
    <subfield code="6">880-07</subfield>
    <subfield code="a">ʻĀshūr, Saʻīd ʻAbd al-Fattāḥ,</subfield>
    <subfield code="e">reviewer.</subfield>
  </datafield>
  <datafield tag="700" ind1="1" ind2=" ">
    <subfield code="6">880-08</subfield>
    <subfield code="a">ʻĀshūr, Saʻīd ʻAbd al-Fattāḥ,</subfield>
    <subfield code="e">author of introduction.</subfield>
  </datafield>
  <datafield tag="852" ind1=" " ind2=" ">
    <subfield code="a">Jafet Library</subfield>
    <subfield code="e">American University of Beirut, Bliss Street , Beirut, Lebanon.</subfield>
  </datafield>
  <datafield tag="880" ind1="1" ind2=" ">
    <subfield code="6">100-01/(3/r</subfield>
    <subfield code="a">ابن واصل، محمد بن سالم،</subfield>
    <subfield code="d">1207 او 1208-1297 او 1298،</subfield>
    <subfield code="e">مؤلف. </subfield>
    <subfield code="4">aut.</subfield>
  </datafield>
  <datafield tag="880" ind1="1" ind2="0">
    <subfield code="6">245-02/(3/r</subfield>
    <subfield code="a">مفرج الكروب في أخبار بني أيوب /</subfield>
    <subfield code="c">تأليف جمال الدين محمد بن سالم  بن واصل المتوفى سنة 697 هـ. ؛ نشره لأول مرة عن مخطوطات كمبردج وباريس وإستانبول وضبطه وحققه وعلق حواشيه وقدم له ووضع فهارسه الدكتور جمال الدين الشيال، أستاذ التاريخ الإسلامي المساعد بجامعة الإسكندرية.</subfield>
  </datafield>
  <datafield tag="880" ind1=" " ind2="1">
    <subfield code="6">264-03/(3/r</subfield>
    <subfield code="a">القاهرة :</subfield>
    <subfield code="b">إدارة إحياء التراث القديم، وزارة المعارف المصرية، إدارة الثقافة العامة،</subfield>
    <subfield code="c">1953-1977.</subfield>
  </datafield>
  <datafield tag="880" ind1=" " ind2=" ">
    <subfield code="6">300-04/(3/r</subfield>
    <subfield code="a">5 أجزاء :</subfield>
    <subfield code="b">مصورات، صور طبق الأصل ؛</subfield>
    <subfield code="c">24 سم</subfield>
  </datafield>
  <datafield tag="880" ind1="1" ind2=" ">
    <subfield code="6">700-05/(3/r</subfield>
    <subfield code="a">الشيال، جمال الدين،</subfield>
    <subfield code="e">معد. </subfield>
    <subfield code="4">com.</subfield>
  </datafield>
  <datafield tag="880" ind1="1" ind2=" ">
    <subfield code="6">700-06/(3/r</subfield>
    <subfield code="a">ربيع، حسنين محمد،</subfield>
    <subfield code="e">معد. </subfield>
    <subfield code="4">com.</subfield>
  </datafield>
  <datafield tag="880" ind1="1" ind2=" ">
    <subfield code="6">700-07/(3/r</subfield>
    <subfield code="a">عاشور، سعيد عبد الفتاح،</subfield>
    <subfield code="e">مراجع. </subfield>
    <subfield code="4">rev.</subfield>
  </datafield>
  <datafield tag="880" ind1="1" ind2=" ">
    <subfield code="6">700-08/(3/r</subfield>
    <subfield code="a">عاشور، سعيد عبد الفتاح،</subfield>
    <subfield code="e">مؤلف مقدمة. </subfield>
    <subfield code="4">aui.</subfield>
  </datafield>
  <datafield tag="907" ind1=" " ind2=" ">
    <subfield code="a">.b12333566</subfield>
    <subfield code="b">16-09-01</subfield>
    <subfield code="c">11-05-24</subfield>
  </datafield>
  <datafield tag="907" ind1=" " ind2=" ">
    <subfield code="a">.b12333566</subfield>
    <subfield code="b">15-10-15</subfield>
    <subfield code="c">11-05-24</subfield>
  </datafield>
  <datafield tag="945" ind1=" " ind2=" ">
    <subfield code="f">J</subfield>
    <subfield code="a">297.09:I138mA:v.1:c.1</subfield>
    <subfield code="g">1</subfield>
    <subfield code="i">01001221</subfield>
    <subfield code="j">.i12766185</subfield>
    <subfield code="l">u0503</subfield>
  </datafield>
  <datafield tag="945" ind1=" " ind2=" ">
    <subfield code="f">J</subfield>
    <subfield code="a">297.09:I138mA:v.1:c.2</subfield>
    <subfield code="g">1</subfield>
    <subfield code="i">00357806</subfield>
    <subfield code="j">.i12766197</subfield>
    <subfield code="l">u0503</subfield>
  </datafield>
  <datafield tag="945" ind1=" " ind2=" ">
    <subfield code="f">J</subfield>
    <subfield code="a">297.09:I138mA:v.2:c.1</subfield>
    <subfield code="g">1</subfield>
    <subfield code="i">01001223</subfield>
    <subfield code="j">.i12766203</subfield>
    <subfield code="l">u0503</subfield>
  </datafield>
  <datafield tag="945" ind1=" " ind2=" ">
    <subfield code="f">J</subfield>
    <subfield code="a">297.09:I138mA:v.2:c.2</subfield>
    <subfield code="g">1</subfield>
    <subfield code="i">01076482</subfield>
    <subfield code="j">.i12766215</subfield>
    <subfield code="l">u0503</subfield>
  </datafield>
  <datafield tag="945" ind1=" " ind2=" ">
    <subfield code="f">J</subfield>
    <subfield code="a">297.09:I138mA:v.3:c.1</subfield>
    <subfield code="g">1</subfield>
    <subfield code="i">01076483</subfield>
    <subfield code="j">.i12766227</subfield>
    <subfield code="l">u0503</subfield>
  </datafield>
  <datafield tag="945" ind1=" " ind2=" ">
    <subfield code="f">J</subfield>
    <subfield code="a">297.09:I138mA:v.3:c.2</subfield>
    <subfield code="g">1</subfield>
    <subfield code="i">01076484</subfield>
    <subfield code="j">.i12766239</subfield>
    <subfield code="l">u0503</subfield>
  </datafield>
  <datafield tag="945" ind1=" " ind2=" ">
    <subfield code="f">J</subfield>
    <subfield code="a">297.09:I138mA:v.4:c.1</subfield>
    <subfield code="g">1</subfield>
    <subfield code="i">01076485</subfield>
    <subfield code="j">.i12766240</subfield>
    <subfield code="l">u0503</subfield>
  </datafield>
  <datafield tag="945" ind1=" " ind2=" ">
    <subfield code="f">J</subfield>
    <subfield code="a">297.09:I138mA:v.4:c.2</subfield>
    <subfield code="g">1</subfield>
    <subfield code="i">01076486</subfield>
    <subfield code="j">.i12766252</subfield>
    <subfield code="l">u0503</subfield>
  </datafield>
  <datafield tag="945" ind1=" " ind2=" ">
    <subfield code="f">J</subfield>
    <subfield code="a">297.09:I138mA:v.4:c.3</subfield>
    <subfield code="g">1</subfield>
    <subfield code="i">01076487</subfield>
    <subfield code="j">.i12766264</subfield>
    <subfield code="l">u0503</subfield>
  </datafield>
  <datafield tag="998" ind1=" " ind2=" ">
    <subfield code="a">u05</subfield>
    <subfield code="b">97-02-02</subfield>
    <subfield code="c">m</subfield>
    <subfield code="d">a</subfield>
    <subfield code="e">-</subfield>
    <subfield code="f">ara</subfield>
    <subfield code="g">ua </subfield>
    <subfield code="h">0</subfield>
    <subfield code="i">9</subfield>
  </datafield>
</record>
</collection>
